@Book{Peringer:IMS,
author = "Peringer, Petr",
title = "Přednášky k předmětu IMS",
address = "Brno, CZ",
url = "https://www.fit.vutbr.cz/study/courses/IMS/public/prednasky/IMS.pdf",
revise = "2012-12-06"
}

@Misc{aco:main,
title = "Ant colony optimization",
author = "Marco Dorigo",
howpublished = "online",
cited = "!2013-12-3",
url = "http://www.scholarpedia.org/article/Ant\_colony\_optimization"
}

@Article{aco:variations,
author="Dorigo, M. and Maniezzo, V. and Colorni, A.",
journal="Systems, Man, and Cybernetics, Part B: Cybernetics, IEEE Transactions on",
title="Ant system: optimization by a colony of cooperating agents",
year="1996",
volume="26",
number="1",
pages="29-41",
ISSN="1083-4419"
}

@Article{aco:acs,
author="Dorigo, M. and Gambardella, L.M.",
journal="Evolutionary Computation, IEEE Transactions on",
title="Ant colony system: a cooperative learning approach to the traveling salesman problem",
year="1997",
volume="1",
number="1",
pages="53-66",
ISSN="1089-778X"
}

@article{aco:maxmin,
author = "Thomas Stützle and Holger H. Hoos",
title = "MAX–MIN Ant System ",
journal = "Future Generation Computer Systems ",
volume = "16",
number = "8",
pages = "889 - 914",
year = "2000",
issn = "0167-739X",
}

@article{aco:ranked,
    author = "Bernd Bullnheimer and Richard F. Hartl and Christine Strauß",
    title = "A New Rank Based Version of the Ant System - A Computational Study",
    journal = "Central European Journal for Operations Research and Economics",
    year = "1997",
    volume = "7",
    pages = "25--38"
}

@Misc{merlin:serverinfo,
title = "FIT VUT Serveru",
howpublished = "online",
cited = "!2012-12-13",
url = "http://www.fit.vutbr.cz/CVT/servers.php"
}

@Misc{openstreetmap:munin,
title = "Munin OpenStreetMap.org",
howpublished = "online",
cited = "!2012-12-13",
url = "http://munin.openstreetmap.org/"
}

@Misc{mit:munin,
title = "Munin MIT",
howpublished = "online",
cited = "!2012-12-13",
url = "http://mindhive.mit.edu/mon/index.html"
}

@Misc{simlib,
title = "SIMLIB",
howpublished = "online",
cited = "!2012-12-13",
url = "http://www.fit.vutbr.cz/~peringer/SIMLIB/"
}
